<?xml version="1.0" encoding="UTF-8"?><collection xmlns="http://www.loc.gov/MARC21/slim"><record><leader>00363nam--2200133-i-4500</leader><controlfield tag="001">000003899</controlfield><controlfield tag="002">20161230</controlfield><controlfield tag="005">20161230201025</controlfield><controlfield tag="008">060222s1000------------r-----000-0-eng-d</controlfield><datafield ind1=" " ind2=" " tag="080"><subfield code="a">621.7</subfield></datafield><datafield ind1=" " ind2=" " tag="100"><subfield code="a">Baranov, A.I. Si Kuzmin, V.V</subfield></datafield><datafield ind1=" " ind2=" " tag="245"><subfield code="a">Normalizarea utilajului tehnologic al sectii lor de pregatire</subfield></datafield><datafield ind1=" " ind2=" " tag="260"><subfield code="a">Bucuresti, I.D.T., 1952. 261 P</subfield></datafield><datafield ind1=" " ind2=" " tag="852"><subfield code="a">26688</subfield></datafield></record></collection>